@ARTICLE{paper,
   author = {{Diaconis}, P. and {Janson}, S.},
    title = "{Graph limits and exchangeable random graphs}",
  journal = {ArXiv e-prints},
archivePrefix = "arXiv",
   eprint = {0712.2749},
 primaryClass = "math.PR",
 keywords = {Mathematics - Probability, Mathematics - Combinatorics},
     year = 2007,
    month = dec,
   adsurl = {http://adsabs.harvard.edu/abs/2007arXiv0712.2749D},
  adsnote = {Provided by the SAO/NASA Astrophysics Data System}
}

@ARTICLE{lovasz04,
   author = {{Lovasz}, L. and {Szegedy}, B.},
    title = "{Limits of dense graph sequences}",
  journal = {ArXiv Mathematics e-prints},
   eprint = {math/0408173},
 keywords = {Combinatorics, 05CXX},
     year = 2004,
    month = aug,
   adsurl = {http://adsabs.harvard.edu/abs/2004math......8173L},
  adsnote = {Provided by the SAO/NASA Astrophysics Data System}
}

@book{weak-conv,
  title={Convergence of probability measures},
  author={Billingsley, Patrick},
  year={2013},
  publisher={John Wiley \& Sons}
}

@book{lovasz-book,
  title={Large networks and graph limits},
  author={Lov{\'a}sz, L{\'a}szl{\'o}},
  volume={60},
  year={2012},
  publisher={American Mathematical Society Providence}
}

@article{aldous,
  title={Representations for partially exchangeable arrays of random variables},
  author={Aldous, David J},
  journal={Journal of Multivariate Analysis},
  volume={11},
  number={4},
  pages={581--598},
  year={1981},
  publisher={Elsevier}
}
